@article{diener2002very,
  title={Very happy people},
  author={Diener, Ed and Seligman, Martin EP},
  journal={Psychological science},
  volume={13},
  number={1},
  pages={81--84},
  year={2002},
  publisher={SAGE Publications Sage CA: Los Angeles, CA}
}

@article{overmier1967effects,
	title={Effects of inescapable shock upon subsequent escape and avoidance responding.},
	author={Overmier, J Bruce and Seligman, Martin E},
	journal={Journal of comparative and physiological psychology},
	volume={63},
	number={1},
	pages={28},
	year={1967},
	publisher={American Psychological Association}
}